@paper{rasd,
	author = {Mauro Fam√†, Giacomo Lombardo},
	title = {\emph{DREAM Requirements Analysis and Specification Document}},
	year = {2021},
	note ={\textsc{url}: \url{https://github.com/giacomolmb/FamaLombardo/blob/main/DeliveryFolder/RASD1.pdf}},
}

@paper{slides,
	author = {Matteo G. Rossi},
	title = {\emph{Verification and Validation: Testing. Retrieved from Course Slides}},
	year = {2021},
	note ={\textsc{url}: \url{https://webeep.polimi.it/pluginfile.php/196408/mod_folder/content/0/06b.VerificationAndValidationTesting.pdf?forcedownload=1}},
}

@paper{assignment,
	title = {\emph{RDD Project Assignment}},
	year = {A.Y. 2021/22},
	note ={\textsc{url}: \url{https://webeep.polimi.it/pluginfile.php/306783/mod_folder/content/0/01.%20Assignment%20RDD%20AY%202021-2022.pdf?forcedownload=1}},
}