@paper{irrigation,
	author = {Nurulisma Ismail},
	title = {\emph{Smart irrigation system based on internet of things (IOT)}},
	year = {2019},
	note ={\textsc{url}: \url{https://iopscience.iop.org/article/10.1088/1742-6596/1339/1/012012}},
}

@manual{Alloy,
	title = {Alloy Documentation},
	author = {alloytool.org},
	organization = {Software Design Group},
	note = {\textsc{url}: \url{http://alloytools.org/documentation.html}}
}

@manual{UML,
	title = {UML Documentation},
	author = {omg.org},
	organization = {Standards Development Organization},
	note = {\textsc{url}: \url{https://www.omg.org/spec/UML/}}
}